@article{patricia,
 author = {Donald R. Morrison},
 title = {PATRICIA -- Practical Algorithm To Retrieve Information Coded in Alphanumeric},
 journal = {J. ACM},
 issue_date = {Oct. 1968},
 volume = {15},
 number = {4},
 month = oct,
 year = {1968},
 issn = {0004-5411},
 pages = {514--534},
 numpages = {21},
 url = {http://doi.acm.org/10.1145/321479.321481},
 doi = {10.1145/321479.321481},
 acmid = {321481},
 publisher = {ACM},
 address = {New York, NY, USA},
}

@techreport{bagwell,
    author = {Phil Bagwell},
    title = {Ideal Hash Trees},
    institution = {E'cole polytechnique fe'de'rale de Lausanne EPFL},
    type = {LAMP-REPORT},
    number = {2001-001}
}

@misc{djb,
author = {Daniel J. Bernstein},
title = {Crit-bit trees},
note = {\url{http://cr.yp.to/critbit.html}},
year = 2004,
}

@misc{agl,
author = {Adam Langley},
title = {Crit-bit trees},
note = {\url{https://github.com/agl/critbit}},
year = 2008,
month = Sep,
}

@misc{qp,
author = {Author},
title = {{QP} tries},
year = 2015,
month = Oct,
}
